<record><leader>00000cas a22000007a 4500</leader><controlfield tag="001">15992400</controlfield><controlfield tag="008">870617d18881888aluwr ne      0    0eng d</controlfield><datafield ind1=" " ind2=" " tag="010"><subfield code="a">sn 87050191 </subfield></datafield><datafield ind1=" " ind2=" " tag="040"><subfield code="a">CPN</subfield><subfield code="b">eng</subfield><subfield code="c">CPN</subfield><subfield code="d">OCLCQ</subfield></datafield><datafield ind1=" " ind2=" " tag="042"><subfield code="a">msc</subfield></datafield><datafield ind1="0" ind2="4" tag="245"><subfield code="a">The Allience banner.</subfield></datafield><datafield ind1=" " ind2=" " tag="260"><subfield code="a">Athens, Ala. :</subfield><subfield code="b">Hector C. Lane,</subfield><subfield code="c">1888.</subfield></datafield><datafield ind1=" " ind2=" " tag="310"><subfield code="a">Weekly</subfield></datafield><datafield ind1="0" ind2=" " tag="362"><subfield code="a">Vol. 1, no. 1 (Jan. 13, 1888)-v. 1, no. 22 (June 7, 1888).</subfield></datafield><datafield ind1=" " ind2=" " tag="550"><subfield code="a">"The official organ of the Farmers' Allience and Cooperative Union of Alabama."</subfield></datafield><datafield ind1=" " ind2=" " tag="752"><subfield code="a">United States</subfield><subfield code="b">Alabama</subfield><subfield code="c">Limestone</subfield><subfield code="d">Athens.</subfield></datafield><datafield ind1="0" ind2="7" tag="785"><subfield code="t">Athens democrat (Athens, Ala.)</subfield><subfield code="w">(DLC)sn 85044761</subfield></datafield><datafield ind1="0" ind2="7" tag="785"><subfield code="t">Alabama farmer (Athens, Ala.)</subfield><subfield code="w">(DLC)sn 87050192</subfield></datafield></record>